<record><leader>00000cas a2200000 a 4500</leader><controlfield tag="001">33274520</controlfield><controlfield tag="008">951011d18941897fluwr ne      0    0eng c</controlfield><datafield ind1=" " ind2=" " tag="010"><subfield code="a">sn 95026776 </subfield></datafield><datafield ind1=" " ind2=" " tag="040"><subfield code="a">FUG</subfield><subfield code="b">eng</subfield><subfield code="c">FUG</subfield><subfield code="d">OCLCQ</subfield><subfield code="d">OCLCF</subfield><subfield code="d">OCLCO</subfield></datafield><datafield ind1=" " ind2=" " tag="012"><subfield code="i">9510</subfield></datafield><datafield ind1="1" ind2=" " tag="029"><subfield code="a">AU@</subfield><subfield code="b">000023434940</subfield></datafield><datafield ind1=" " ind2=" " tag="042"><subfield code="a">pcc</subfield></datafield><datafield ind1=" " ind2=" " tag="043"><subfield code="a">n-us-fl</subfield></datafield><datafield ind1="0" ind2="4" tag="245"><subfield code="a">The Kissimmee Valley.</subfield></datafield><datafield ind1="1" ind2="3" tag="246"><subfield code="a">Valley</subfield></datafield><datafield ind1=" " ind2=" " tag="260"><subfield code="a">Kissimmee City, Osceola County, Fla. :</subfield><subfield code="b">N.S. Harris and W.B. Harris,</subfield><subfield code="c">-1897.</subfield></datafield><datafield ind1=" " ind2=" " tag="300"><subfield code="a">v.</subfield></datafield><datafield ind1=" " ind2=" " tag="310"><subfield code="a">Weekly</subfield></datafield><datafield ind1="1" ind2=" " tag="362"><subfield code="a">Began in 1894.</subfield></datafield><datafield ind1="0" ind2=" " tag="362"><subfield code="a">-v. 4, no. 11 (Nov. 17, 1897).</subfield></datafield><datafield ind1=" " ind2=" " tag="588"><subfield code="a">Description based on: Vol. 3, no. 3 (Sept. 16, 1896).</subfield></datafield><datafield ind1=" " ind2=" " tag="588"><subfield code="a">Latest issue consulted: Vol. 4, no. 11 (Nov. 17, 1897).</subfield></datafield><datafield ind1=" " ind2="0" tag="651"><subfield code="a">Kissimmee (Fla.)</subfield><subfield code="v">Newspapers.</subfield></datafield><datafield ind1=" " ind2="0" tag="651"><subfield code="a">Osceola County (Fla.)</subfield><subfield code="v">Newspapers.</subfield></datafield><datafield ind1=" " ind2="7" tag="655"><subfield code="a">Newspapers.</subfield><subfield code="2">fast</subfield><subfield code="0">(OCoLC)fst01423814</subfield></datafield><datafield ind1=" " ind2="7" tag="651"><subfield code="a">Florida</subfield><subfield code="z">Kissimmee.</subfield><subfield code="2">fast</subfield><subfield code="0">(OCoLC)fst01215611</subfield></datafield><datafield ind1=" " ind2="7" tag="651"><subfield code="a">Florida</subfield><subfield code="z">Osceola County.</subfield><subfield code="2">fast</subfield><subfield code="0">(OCoLC)fst01206757</subfield></datafield><datafield ind1=" " ind2=" " tag="752"><subfield code="a">United States</subfield><subfield code="b">Florida</subfield><subfield code="c">Osceola</subfield><subfield code="d">Kissimmee.</subfield></datafield><datafield ind1="0" ind2="7" tag="785"><subfield code="t">Osceola gazette</subfield><subfield code="w">(DLC)sn</subfield></datafield><datafield ind1="0" ind2="7" tag="785"><subfield code="t">Kissimmee Valley gazette</subfield><subfield code="w">(DLC)sn 95026779</subfield><subfield code="w">(OCoLC)33274531</subfield></datafield><datafield ind1=" " ind2=" " tag="850"><subfield code="a">FU</subfield></datafield></record>